@misc{baldwin_2023_how,
  author       = {Baldwin, Tom},
  month        = {03},
  title        = {How A/B Testing Can Improve Your Marketing Campaigns},
  url          = {https://www.linkedin.com/pulse/how-ab-testing-can-improve-your-marketing-campaigns-tom-baldwin},
  urldate      = {2023-04-02},
  year         = {2023},
  organization = {www.linkedin.com}
}

@misc{a2019_how,
  month        = {03},
  title        = {How to Use A/B Testing to Maximize Marketing Campaigns},
  url          = {https://www.lotame.com/how-to-use-a-b-testing-to-maximize-marketing-campaign-performance/},
  urldate      = {2023-04-02},
  year         = {2019},
  organization = {Lotame}
}

@misc{saleh_2017_how,
  author       = {Saleh, Khalid},
  month        = {11},
  title        = {How Long Should You Run an A/B Test for and How to Calculate...},
  url          = {https://www.invespcro.com/blog/how-long-should-you-run-an-ab-test-for/},
  urldate      = {2023-04-02},
  year         = {2017},
  organization = {Invespcro}
}

@book{kohavi_tang_xu_2020,
  place     = {Cambridge},
  title     = {Trustworthy Online Controlled Experiments: A Practical Guide to A/B Testing},
  doi       = {10.1017/9781108653985},
  publisher = {Cambridge University Press},
  author    = {Kohavi, Ron and Tang, Diane and Xu, Ya},
  year      = {2020}
}